<record><leader>00000cas a22000007a 4500</leader><controlfield tag="001">1751310</controlfield><controlfield tag="008">751101d19111943mnuwr ne      0    0eng d</controlfield><datafield ind1=" " ind2=" " tag="010"><subfield code="a">sn 90060902 </subfield></datafield><datafield ind1=" " ind2=" " tag="040"><subfield code="a">MUL</subfield><subfield code="b">eng</subfield><subfield code="c">MUL</subfield><subfield code="d">MN#</subfield><subfield code="d">OCLCQ</subfield><subfield code="d">OCLCF</subfield><subfield code="d">OCLCO</subfield></datafield><datafield ind1=" " ind2=" " tag="042"><subfield code="a">msc</subfield></datafield><datafield ind1=" " ind2=" " tag="043"><subfield code="a">n-us-mn</subfield></datafield><datafield ind1=" " ind2=" " tag="052"><subfield code="a">4144</subfield><subfield code="b">G62</subfield></datafield><datafield ind1=" " ind2=" " tag="052"><subfield code="a">4143</subfield><subfield code="b">C55</subfield></datafield><datafield ind1="0" ind2="4" tag="245"><subfield code="a">The Gonvick banner.</subfield></datafield><datafield ind1=" " ind2=" " tag="260"><subfield code="a">Gonvick, Clearwater County, Minn. :</subfield><subfield code="b">W.W. Jones,</subfield><subfield code="c">-1943.</subfield></datafield><datafield ind1=" " ind2=" " tag="300"><subfield code="a">v.</subfield></datafield><datafield ind1=" " ind2=" " tag="310"><subfield code="a">Weekly</subfield></datafield><datafield ind1="1" ind2=" " tag="362"><subfield code="a">Began in 1911.</subfield></datafield><datafield ind1="0" ind2=" " tag="362"><subfield code="a">-31st year, no. 26 (May 28, 1943).</subfield></datafield><datafield ind1=" " ind2=" " tag="530"><subfield code="a">Available on microfilm from the Minnesota Historical Society.</subfield></datafield><datafield ind1=" " ind2=" " tag="588"><subfield code="a">Description based on: Vol. 5, no. 22 (Feb. 11, 1916).</subfield></datafield><datafield ind1=" " ind2="0" tag="651"><subfield code="a">Gonvick (Minn.)</subfield><subfield code="v">Newspapers.</subfield></datafield><datafield ind1=" " ind2="7" tag="655"><subfield code="a">Newspapers.</subfield><subfield code="2">fast</subfield><subfield code="0">(OCoLC)fst01423814</subfield></datafield><datafield ind1=" " ind2="7" tag="651"><subfield code="a">Minnesota</subfield><subfield code="z">Gonvick.</subfield><subfield code="2">fast</subfield><subfield code="0">(OCoLC)fst01254491</subfield></datafield><datafield ind1=" " ind2=" " tag="752"><subfield code="a">United States</subfield><subfield code="b">Minnesota</subfield><subfield code="c">Clearwater</subfield><subfield code="d">Gonvick.</subfield></datafield><datafield ind1="0" ind2="4" tag="785"><subfield code="t">Farmers' independent (Bagley, Minn.)</subfield><subfield code="w">(DLC)sn 90060901</subfield></datafield></record>